@online{WritingChallenges,
  author = {Bamidele},
  title = {Writing Challenges: 18 Challenges Writers Face and How to Overcome Them},
  year = 2016,
  howpublished={\url{https://www.writersincharge.com/challenges-writers-face/}},
  urldate = {2018-01-13}
}
@online{HardyBoysInvisibleAuthors,
  author = {Daniel A. Gross},
  title = {The Mystery of the Hardy Boys and the Invisible Authors},
  year = 2015,
  howpublished={\url{https://www.theatlantic.com/entertainment/archive/2015/05/hardy-boys-nancy-drew-ghostwriters/394022/}},
  urldate = {2018-01-15}
}
@online{HiringGhostwriter,
  author = {Stacy Ennis},
  title = {What to Expect When Hiring a Ghostwriter},
  year = 2016,
  howpublished={\url{https://www.janefriedman.com/hiring-ghostwriter/}},
  urldate = {2018-01-15}
}
@online{WordRNNTensorflow,
  author = {Sung Kim},
  title = {word-rnn-tensorflow},
  year = 2016,
  howpublished={\url{https://github.com/hunkim/word-rnn-tensorflow/}},
  urldate = {2018-01-15}
}
@online{JapaneseAIWritesaNovel,
  author = {Natalie Shoemaker},
  title = {Japanese AI Writes a Novel, Nearly Wins Literary Award},
  year = 2016,
  howpublished={\url{http://bigthink.com/natalie-shoemaker/a-japanese-ai-wrote-a-novel-almost-wins-literary-award}},
  urldate = {2018-01-14}
}